@book{janeway2018doing,
  title={Doing capitalism in the innovation economy: Reconfiguring the three-player game between markets, speculators and the state},
  author={Janeway, William H},
  year={2018},
  publisher={Cambridge University Press}
}

@book{whittaker2018ai,
  title={AI now report 2018},
  author={Whittaker, Meredith and Crawford, Kate and Dobbe, Roel and Fried, Genevieve and Kaziunas, Elizabeth and Mathur, Varoon and West, Sarah Mysers and Richardson, Rashida and Schultz, Jason and Schwartz, Oscar},
  year={2018},
  publisher={AI Now Institute at New York University}
}

@book{lauer2017creditworthy,
  title={Creditworthy: a history of consumer surveillance and financial identity in America},
  author={Lauer, Josh},
  year={2017},
  publisher={Columbia University Press}
}

@book{congress1967privacy,
  title={The computer and invasion of privacy},
  author={United States Congress, Committee on Government Operations},
  year={1967},
  publisher={New York: Arno Presss}
}

@article{schauer1978fear,
  title={Fear, risk and the first amendment: Unraveling the chilling effect},
  author={Schauer, Frederick},
  journal={BUL rev.},
  volume={58},
  pages={685},
  year={1978},
  publisher={HeinOnline}
}

@article{penney2016chilling,
  title={Chilling effects: Online surveillance and Wikipedia use},
  author={Penney, Jonathon W},
  journal={Berkeley Tech. LJ},
  volume={31},
  pages={117},
  year={2016},
  publisher={HeinOnline}
}

@article{richards2012dangers,
  title={The dangers of surveillance},
  author={Richards, Neil M},
  journal={Harv. L. Rev.},
  volume={126},
  pages={1934},
  year={2012},
  publisher={HeinOnline}
}

% For quote on front page
@article{ruggles1965report,
  title={Report of the Committee on the Preservation and Use of Economic Data to the Social Science Research Council},
  author={Ruggles, Richard, et al.},
  journal={Social Sciences Research Council, New York},
  year={1965}
}

% http://link.galegroup.com.ezproxy.cul.columbia.edu/apps/doc/A566441819/BIC?u=columbiau&sid=BIC&xid=c1a87901.
@article{identity2018economist,
  title={Making you you; Establishing Identity.},
  journal={The Economist},
  pages={55},
  month={December},
  volume={429},
  year={2018},
}

@article{office2017assessing,
  title={Assessing Russian activities and intentions in recent US elections},
  Journal={Office of the Director of National Intelligence},
  year={2017}
}

@article{qiang2019road,
  title={The Road to Digital Unfreedom: President Xi's Surveillance State},
  author={Qiang, Xiao},
  journal={Journal of Democracy},
  volume={30},
  number={1},
  pages={53--67},
  year={2019},
  publisher={Johns Hopkins University Press}
}

@article{scikit-learn,
    title={Scikit-learn: Machine Learning in {P}ython},
    author={Pedregosa, F. and Varoquaux, G. and Gramfort, A. and Michel, V. and
	        Thirion, B. and Grisel, O. and Blondel, M. and Prettenhofer, P. and Weiss, R.
	            and Dubourg, V. and Vanderplas, J. and Passos, A. and Cournapeau, D. and
	            Brucher, M. and Perrot, M. and Duchesnay, E.},
    journal={Journal of Machine Learning Research},
    volume={12},
    pages={2825--2830},
    year={2011}
}

@article{naic2012,
		title={The Use of Social Media in Insurance},
		journal={National Association of Insurance Commissioners},
		note={Whitepaper},
		year={2012},
		url={https://www.naic.org/store/free/USM-OP.pdf},
}

@article{economist2017,
		year={2017},
		month={May 06},
		title={The world's most valuable resource; Regulating the data economy},
		journal={The Economist},
		volume={423},
		number={9039},
		pages={9},
		note={Name - Microsoft Corp; Google Inc; Copyright -
			(Copyright 2017 The Economist Newspaper Ltd. All rights reserved.;
			Last updated - 2017-11-24},
}
